
@techreport{benabou_Social_1998,
  title = {Social {{Mobility}} and the {{Demand}} for {{Redistribution}}: {{The POUM Hypothesis}}},
  shorttitle = {Social {{Mobility}} and the {{Demand}} for {{Redistribution}}},
  author = {Benabou, Roland and Ok, Efe},
  year = {1998},
  month = nov,
  pages = {w6795},
  address = {{Cambridge, MA}},
  institution = {{National Bureau of Economic Research}},
  doi = {10.3386/w6795},
  file = {C\:\\Users\\kevin\\Zotero\\storage\\MCUXIWF8\\Benabou y Ok - 1998 - Social Mobility and the Demand for Redistribution.pdf},
  language = {en},
  number = {w6795}
}

@article{castillo_Educacion_2013,
  title = {Educaci\'on, Equidad y Creencias Distributivas: {{Evidencias}} Del Caso Chileno},
  author = {Castillo, JC and {Madero-Cabib}, Ignacio and Miranda, Daniel},
  year = {2013},
  volume = {24},
  pages = {13--31},
  journal = {Sociedad hoy}
}

@article{castillo_Meritocracia_2019,
  title = {Meritocracia y Desigualdad Econ\'omica: {{Percepciones}}, Preferencias e Implicancias},
  shorttitle = {Meritocracia y Desigualdad Econ\'omica},
  author = {Castillo, Juan C. and Torres, Alex and Atria, Jorge and Maldonado, Luis},
  year = {2019},
  month = mar,
  volume = {77},
  pages = {117},
  issn = {1988-429X, 0034-9712},
  doi = {10.3989/ris.2019.77.1.17.114},
  abstract = {La idea de meritocracia est\'a relacionada con la distribuci\'on de bienes y beneficios basada en el talento y esfuerzo individual, constituyendo un principio que legitima la distribuci\'on desigual de los recursos en sociedades modernas. Pese a las constantes referencias a la meritocracia en la investigaci\'on de desigualdad y estratificaci\'on social en sociolog\'ia, existen pocos intentos conceptuales y emp\'iricos que busquen entender hasta qu\'e punto los individuos perciben y prefieren la meritocracia, as\'i como tambi\'en sus consecuencias. La presente investigaci\'on propone un marco conceptual y emp\'irico para el estudio de las percepciones y preferencias meritocr\'aticas que, posteriormente, es relacionado con una serie de variables relativas a la desigualdad social. Utilizando datos de la encuesta chilena ``Justicia social y participaci\'on ciudadana'' (N= 1.245), los resultados del an\'alisis sugieren que las preferencias y percepciones de la meritocracia son constructos distintos y que quienes perciben un adecuado funcionamiento de la meritocracia tambi\'en perciben menos desigualdad social.},
  file = {C\:\\Users\\kevin\\Zotero\\storage\\WBABRPWT\\Castillo et al. - 2019 - Meritocracia y desigualdad económica Percepciones.pdf},
  journal = {Revista Internacional de Sociolog\'ia},
  number = {1}
}

@article{castillo_Todos_2013,
  title = {Todos {{Somos Clase Media}}: {{Sobre}} El Estatus Social Subjetivo En {{Chile}}},
  author = {{Castillo} and {Miranda} and {Madero-Cabib}},
  year = {2013},
  volume = {48},
  pages = {155--173},
  journal = {Latin American Research Review},
  number = {01}
}

@book{cepal_hora_2010,
  title = {La Hora de La Igualdad: Brechas Por Cerrar, Caminos Por Abrir. {{Trig\'esimo Tercer Per\'iodo}} de {{Sesiones}} de La {{CEPAL}}},
  author = {CEPAL},
  year = {2010},
  series = {Per\'iodo de {{Sesiones No}}.33}
}

@misc{coes_Estudio_2021,
  title = {Estudio {{Longitudinal Social}} de {{Chile}} - {{https://coes.cl/encuesta-panel/}}},
  author = {COES},
  year = {2021}
}

@misc{coes_Radiografia_2019,
  title = {Radiograf\'ia Del Cambio Social. {{An\'alisis}} de {{Resultados Longitudinales}} 2016-2018},
  author = {COES},
  year = {2019}
}

@article{espinoza_Estratificacion_2013,
  title = {Estratificaci\'on y Movilidad Social Bajo Un Modelo Neoliberal: {{El}} Caso de {{Chile}}},
  author = {Espinoza, V and Barozet, E and M{\'e}ndez, M.L.},
  year = {2013},
  volume = {25},
  pages = {169--191},
  issn = {1515-6370},
  journal = {Lavboratorio}
}

@article{gavira_Social_2008,
  title = {Social {{Mobility}} and {{Preferences}} for {{Redistribution}} in {{Latin America}}},
  author = {Gavira, Alejandro.},
  year = {2008},
  volume = {8},
  pages = {55--88},
  issn = {1533-6239},
  doi = {10.1353/eco.2008.0003},
  journal = {Econom\'ia},
  language = {en},
  number = {1}
}

@article{huang_Effects_2017,
  title = {The {{Effects}} of {{Objective}} and {{Subjective Socioeconomic Status}} on {{Subjective Well}}-{{Being}} among {{Rural}}-to-{{Urban Migrants}} in {{China}}: {{The Moderating Role}} of {{Subjective Social Mobility}}},
  shorttitle = {The {{Effects}} of {{Objective}} and {{Subjective Socioeconomic Status}} on {{Subjective Well}}-{{Being}} among {{Rural}}-to-{{Urban Migrants}} in {{China}}},
  author = {Huang, Silin and Hou, Jiawei and Sun, Ling and Dou, Donghui and Liu, Xia and Zhang, Hongchuan},
  year = {2017},
  month = may,
  volume = {8},
  pages = {819},
  issn = {1664-1078},
  doi = {10.3389/fpsyg.2017.00819},
  file = {C\:\\Users\\kevin\\Zotero\\storage\\5MWUPXXN\\Huang et al. - 2017 - The Effects of Objective and Subjective Socioecono.pdf},
  journal = {Frontiers in Psychology}
}

@article{manza_Mobility_2021,
  title = {Mobility {{Optimism}} in an {{Age}} of {{Rising Inequality}}},
  author = {Manza, Jeff and Brooks, Clem},
  year = {2021},
  month = apr,
  volume = {62},
  pages = {343--368},
  issn = {0038-0253, 1533-8525},
  doi = {10.1080/00380253.2020.1756520},
  journal = {The Sociological Quarterly},
  language = {en},
  number = {2}
}

@article{perezverdugo_Factores_2018,
  title = {{Factores socioecon\'omicos que influyen en la legitimaci\'on de la desigualdad en educaci\'on}},
  author = {P{\'e}rez Verdugo, Constanza},
  year = {2018},
  publisher = {{Unpublished}},
  doi = {10.13140/RG.2.2.17256.62728},
  language = {es}
}

@book{pnud_Desiguales_2017,
  title = {Desiguales: Or\'igenes, Cambios y Desaf\'ios de La Brecha Social En {{Chile}}},
  shorttitle = {Desiguales},
  editor = {PNUD},
  year = {2017},
  publisher = {{PNUD : Uqbar Editores}},
  address = {{Santiago, Chile}},
  annotation = {OCLC: on1001473766},
  isbn = {978-956-7469-86-4},
  keywords = {1970-,Chile,Equality,Income distribution,Social conditions},
  lccn = {HN300.Z9 S6 2017}
}

@article{prag_Subjective_2021,
  title = {Subjective Social Mobility and Health in {{Germany}}},
  author = {Pr{\"a}g, Patrick and Gugushvili, Alexi},
  year = {2021},
  month = feb,
  pages = {1--23},
  issn = {1461-6696, 1469-8307},
  doi = {10.1080/14616696.2021.1887916},
  file = {C\:\\Users\\kevin\\Zotero\\storage\\FFSZYSFT\\Präg y Gugushvili - 2021 - Subjective social mobility and health in Germany.pdf},
  journal = {European Societies},
  language = {en}
}

@book{ruiz_chilenos_2014,
  title = {Los Chilenos Bajo El Neoliberalismo: Clases y Conflicto Social},
  shorttitle = {Los Chilenos Bajo El Neoliberalismo},
  author = {Ruiz, Carlos and Boccardo, Giorgio},
  year = {2014},
  edition = {Primera edici\'on},
  publisher = {{Ediciones y Publicaciones El Buen Aire}},
  address = {{Santiago de Chile}},
  isbn = {978-956-9370-10-6}
}

@book{torche_Estratificacion_2004,
  title = {{Estratificaci\'on y movilidad social en Chile: entre la adscripci\'on y el logro}},
  shorttitle = {{Estratificaci\'on y movilidad social en Chile}},
  author = {Torche, Florencia and Wormald, Guillermo},
  year = {2004},
  publisher = {{Naciones Unidas, CEPAL, Divisi\'on de Desarrollo Social}},
  address = {{Santiago}},
  annotation = {OCLC: 123962107},
  isbn = {978-92-1-322604-9},
  language = {Spanish}
}

@article{zhang_Family_2021,
  title = {Family {{Socioeconomic Status}}, {{Parental Involvement}}, and {{Academic Achievement}}: {{The Moderating Role}} of {{Adolescents}}' {{Subjective Social Mobility}}},
  shorttitle = {Family {{Socioeconomic Status}}, {{Parental Involvement}}, and {{Academic Achievement}}},
  author = {Zhang, Feng and Jiang, Ying and Huang, Silin and Ming, Hua and Ren, Yi and Wang, Lei},
  year = {2021},
  month = mar,
  pages = {027243162110022},
  issn = {0272-4316, 1552-5449},
  doi = {10.1177/02724316211002254},
  abstract = {The correlations between a low family socioeconomic status (SES) and adolescents' poor academic outcomes have been widely documented. However, the mechanisms through which family SES is associated with adolescents' academic achievement are not well understood. Therefore, this study examined the mediating roles of different types of parental involvement (i.e., parental school-based involvement, academic socialization, and home-based involvement) and the moderating role of adolescents' subjective social mobility in the relationships between family SES and academic achievement by using multisource data. The valid sample consisted of 842 adolescents ([Formula: see text] = 12.28 years, 40.97\% girls) who were recruited from five township public schools in China. The results indicated that all three types of parental involvement partially mediated the relationships between family SES and adolescents' Chinese and math achievement; parental school-based involvement had the strongest mediating effects, followed by academic socialization, and home-based involvement had the lowest mediating effects. Moreover, the path from parental home-based involvement to Chinese achievement in the mediation model was moderated by the adolescents' subjective social mobility. In conclusion, parental involvement is an important mediating mechanism through which a low family SES impedes adolescents' academic achievement, and adolescents' subjective social mobility can play a buffering role in the relationship between parental home-based involvement and Chinese achievement.},
  journal = {The Journal of Early Adolescence},
  language = {en}
}


